@misc{callin2006,
    title={How to calculate the CMB spectrum},
    author={Petter Callin},
    year={2006},
    eprint={astro-ph/0606683},
    archivePrefix={arXiv},
    primaryClass={astro-ph}
}

@book{ModernCosmology2003,
  added-at = {2010-07-23T07:14:55.000+0200},
  author = {Dodelson, Scott},
  biburl = {https://www.bibsonomy.org/bibtex/22a950650d49f9c18aced086d2231d499/richterek},
  interhash = {e095f9bf6f73c69a987116a888add404},
  intrahash = {2a950650d49f9c18aced086d2231d499},
  keywords = {astrophysics},
  mendeley-tags = {astrophysics},
  publisher = {Academic Press, Elsevier Science},
  timestamp = {2010-07-23T07:14:58.000+0200},
  title = {{Modern Cosmology}},
  type = {Book},
  year = 2003
}


@misc{Milestone1,
  title   = {Milestone 1 - Background Cosmology},
  author  = {Jonas Lunde},
  year    = {2020},
  url     = {https://github.com/asdfbat/AST5220/blob/master/Project/m1_report/milestone1.pdf}
}

@misc{Milestone2,
  title   = {Milestone 2 - Recombination},
  author  = {Jonas Lunde},
  year    = {2020},
  url     = {https://github.com/asdfbat/AST5220/blob/master/Project/m2_report/milestone2.pdf}
}

@misc{Milestone3,
  title   = {Milestone 3 - Perturbations},
  author  = {Jonas Lunde},
  year    = {2020},
  url     = {https://github.com/asdfbat/AST5220/blob/master/Project/m3_report/milestone3.pdf}
}