@misc{callin2006,
    title={How to calculate the CMB spectrum},
    author={Petter Callin},
    year={2006},
    eprint={astro-ph/0606683},
    archivePrefix={arXiv},
    primaryClass={astro-ph}
}

@book{ModernCosmology2003,
  added-at = {2010-07-23T07:14:55.000+0200},
  author = {Dodelson, Scott},
  biburl = {https://www.bibsonomy.org/bibtex/22a950650d49f9c18aced086d2231d499/richterek},
  interhash = {e095f9bf6f73c69a987116a888add404},
  intrahash = {2a950650d49f9c18aced086d2231d499},
  keywords = {astrophysics},
  mendeley-tags = {astrophysics},
  publisher = {Academic Press, Elsevier Science},
  timestamp = {2010-07-23T07:14:58.000+0200},
  title = {{Modern Cosmology}},
  type = {Book},
  year = 2003
}

@inproceedings{Planck2015,
  title={Planck 2015 results: XIII. Cosmological parameters},
  author={P. A. R. Ade and Nabila Aghanim and Monique Arnaud and M. Ashdown and Jonathan Aumont and Carlo Baccigalupi and Anthony J. Banday and R. B. Barreiro and James G. Bartlett and Nicola Bartolo and Eduardo Battaner and R. Battye and Karim Benabed and Aur{\'e}lien Benoit and A. Benoit-levy and J. -P. Bernard and M. Bersanelli and Pawel Bielewicz and James J. Bock and Anna Bonaldi and Laura Bonavera and J. R. Bond and Julian Borrill and François R. Bouchet and Françcois Boulanger and M. Bucher and Carlo Burigana and Rush C. Butler and Erika Calabrese and J. F. Cardoso and Andrea Catalano and Anthony Challinor and A. Chamballu and R. R. Chary and Huan-ching Chiang and Jens Chluba and Per Rex Christensen and Sarah Church and David L. Clements and St{\'e}phane Colombi and Loris P. L. Colombo and C'eline Combet and A. Coulais and B. P. Crill and A. Curto and F. Cuttaia and Luigi Danese and Rodney D. Davies and Richard J. Davis and P. de Bernardis and Alessandra De Rosa and Gianfranco de Zotti and Jacques Delabrouille and F-X. D{\'e}sert and Eleonora Di Valentino and Clive Dickinson and Javier Diego and Klaus Dolag and H. Dole and Simona Donzelli and Olivier Dor'e and Marian Douspis and Anne Ducout and Jo Dunkley and Xavier Dupac and George Efstathiou and Franz Elsner and T. A. Ensslin and Hans Kristian Eriksen and M. Farhang and Janel Fergusson and Fabio Finelli and Olivier Forni and Marco Frailis and Aurelien A. Fraisse and Enrico Franceschi and Anne Mette Frejsel and S. Galeotta and S. Galli and Ken Ganga and Christian Gauthier and Martina Gerbino and Tapanendu Ghosh and Martin Giard and Yannick Giraud-H'eraud and Elena Giusarma and E. Gjerl{\o}w and J. Gonzalez-Nuevo and Krzysztof M. G'orski and Steven Gratton and Anna Gregorio and Alessandro Gruppuso and Jon Emil Gudmundsson and Julian Hamann and Frode K. Hansen and Duncan Hanson and Diana Harrison and George Helou and Sophie Henrot-Versill'e and Carlos Hernandez-Monteagudo and Diego Herranz and Sergi R. Hildebrandt and Eric F. Hivon and Michael P. Hobson and Warren Albert Holmes and Allan Hornstrup and Wolfgang Hovest and Zhiqi Huang and Kevin M. Huffenberger and Guillaume Hurier and Andrew H. Jaffe and Tess R. Jaffe and Walter Clifford Jones and Mika J. Juvela and Elina Keihanen and Reijo Keskitalo and T. S. Kisner and Ruediger Kneissl and J{\"o}rg Knoche and Lloyd Knox and Martin Kunz and Hannu Kurki-Suonio and Guilaine Lagache and Anne Lahteenmaki and J. -M. Lamarre and Anthony Lasenby and Massimiliano Lattanzi and C. R. Lawrence and J. Patrick Leahy and Renzo Leonardi and Julien Lesgourgues and F. Levrier and Adrian S. Lewis and Michele Liguori and Per B. Lilje and M.J.D. Linden-Vornle and Marcos L{\'o}pez-Caniego and Philip M. Lubin and J. F. Mac'ias-P'erez and Gianmarco Maggio and Davide Maino and N. Mandolesi and Anna Mangilli and Alessandro Marchini and Peter George Martin and Maurizio Martinelli and Enrique Martinez-Gonzalez and Silvia Masi and S. Matarrese and Pasquale Mazzotta and Peregrine McGehee and Peter R. Meinhold and Alessandro Melchiorri and J. B. Melin and Luis Mendes and Aniello Mennella and Maurizio Migliaccio and Marius Millea and S. Mitra and M.-A. Miville-Desch{\^e}nes and Andrea Moneti and Laurent Montier and Gianluca Morgante and Daniel J. Mortlock and Andrea Moss and Dipak Munshi and J. Anthony Murphy and Pavel D. Naselsky and Federico Nati and Paolo Natoli and Calvin B. Netterfield and Hans Ulrik N{\o}rgaard-Nielsen and Fabio Noviello and Dmitrii Novikov and Igor D. Novikov and Carol Anne Oxborrow and Francesco Paci and Luca Pagano and François Pajot and Roberta Paladini and Daniela L. Paoletti and Bruce Partridge and Fabio Pasian and Guillaume Patanchon and T J Pearson and Olivier Perdereau and Laurence Perotto and Francesca Perrotta and Valeria Pettorino and Francesco Piacentini and M. l'Abbe C. Piat and Elena Pierpaoli and Davide Pietrobon and St{\'e}phane Plaszczynski and Etienne Pointecouteau and Gianluca Polenta and Lorena Diana Popa and G. W. Pratt and Gary Marcel Prezeau and Simon Prunet and J.-L. Puget and Jorg P. Rachen and William T. Reach and Rafael Rebolo and Martin Reinecke and Mathieu Remazeilles and Cyril Renault and Alessandro Renzi and Isabelle Ristorcelli and Graça Rocha and Christoph Rosset and Mariachiara Rossetti and Gael M. Roudier and Benjamin Rouill'e d'Orfeuil and Michael Rowan-Robinson and Jos'e Alberto Rubino-Mart'in and Ben A. Rusholme and Najla Said and Valentina Salvatelli and Laura Salvati and Matteo Sandri and Dheiver Santos and Matti Savelainen and Giorgio Savini and Douglas Scott and Michael Dean Seiffert and Paolo Serra and E. P. S. Shellard and Locke D. Spencer and Marta Spinelli and Vladislav Stolyarov and Radek Stompor and Rashmikant V. Sudiwala and R. Sunyaev and David O. Sutton and A.-S. Suur-Uski and J. -F. Sygnet and Joshua A. Tauber and Laura Terenzi and L. Toffolatti and Maurizio Tomasi and Matthieu Tristram and Tullio Trombetti and Marco Tucci and Jussi Tuovinen and M. Turler and Grazia Umana and Luca Valenziano and Jussi Valiviita and B. Van Tent and Patricio Vielva and Fabrizio Villa and Lawrence A. Wade and B. D. Wandelt and Ingunn Kathrine Wehus and M. White and Simon D. M. White and Aaron Wilkinson and D. Yvon and Andrea Zacchei and Alberto Zonca},
  year={2015}
}